@online{k3s,
  title = "K3s - Lightweight Kubernetes",
  url = "https://docs.k3s.io/",
  keyworks = "kubernetes,k3s"
}

@online{luks,
  title = "Cryptsetup and LUKS - open-source disk encryption",
  url = "https://gitlab.com/cryptsetup/cryptsetup",
  keyworks = "LUKS,disk encryption"
}